@string{SP="IEEE Security and Privacy Magazine"}
@string{CODASPY="ACM Conference on Data and Application Security and Privacy"}
@string{ATC="Usenix Annual Technical Conference"}
@string{CSUR="ACM Computing Surveys"}
@string{RTSS="Real-Time Systems Symposium"}
@string{arXiv="arXiv Technical Report"}
@string{LangSec="Language-theoretic Security IEEE Security and Privacy Workshop"}
@string{CCS="ACM Conference on Computer and Communication Security"}
@string{IOTSP="Workshop on the Internet of Things Security and Privacy"}
@string{NDSS="Network and Distributed System Security Symposium"}
@string{ISPASS="International Symposium on Performance Analysis of Systems and Software"}
@string{CCC="Chaos Communication Congress"}
@string{NSPW="New Security Paradigms Workshop"}
@string{BHEU="BlackHat Europe"}
@string{TR="Technical Report"}
@string{PLDI="ACM International Conference on Programming Language Design and Implementation"}
@string{EuroSP="IEEE European Symposium on Security and Privacy"}
@string{SS3P="Open Textbook"}
@string{DIMVA="Conference on Detection of Intrusions and Malware and Vulnerability Assessment"}
@string{ISMM="ACM SIGPLAN International Symposium on Memory Management"}
@string{ESSoS="Int'l. Symp. on Eng. Secure Software and Systems"}
@string{SEC="Usenix Security Symposium"}
@string{IMC="ACM Internet Measurement Conference"}
@string{TSE="IEEE Transactions on Software Engineering"}
@string{CC="International Conference on Compiler Construction"}
@string{STM="International Workshop on Security and Trust Management"}
@string{ArmsRace="The Continuing Arms Race"}
@string{TRB="Transportation Research Board"}
@string{FEAST="Forming an Ecosystem Around Software Transformation"}
@string{DSN="IEEE/IFIP International Conference on Dependable Systems and Networks"}
@string{SyScan360="Symposium on Security for Asia Network + 360"}
@string{BalCCon="Balkan Computer Congress"}
@string{DSAL="AOSD workshop on Domain-Specific Aspect Languages"}
@string{ESORICS="European Symposium on Research in Computer Security"}
@string{WOOT="Usenix Workshop on Offensive Technologies"}
@string{TIFS="IEEE Transactions on Information Forensics and Security"}
@string{HotSWUp="Usenix Workshop on Hot Topics in Software Upgrades"}
@string{AsiaCCS="ACM Symp. on InformAtion, Computer and Communications Security"}
@string{AMAS-BT="Workshop on Architectural and Microarchitectural Support for Binary Translation"}
@string{PPREW="Program Protection and Reverse Engineering Workshop"}
@string{SYSTOR="ACM International Systems and Storage Conference"}
@string{VEE="ACM International Conference on Virtual Execution Environments"}
@string{OSDI="Usenix Symposium on Operating Systems Design and Implementation"}
@string{Oakland="IEEE International Symposium on Security and Privacy"}
@string{PST="IEEE Conference on Privacy, Security, and Trust"}

@inproceedings{ziprpaper,
  author = {William H. Hawkins and Jason D. Hiser and Michele Co and Anh Nguyen-Tuong and Jack W. Davidson},
  title = {{Zipr: Efficient Static Binary Rewriting for Security}},
  year = {2017},
  booktitle = DSN,
  keywords = {conference},
}

@inproceedings{ddisasmpaper,
  author = {Antonio Flores-Montoya and Eric Schulte},
  title = {{Datalog Disassembly}},
  year = {2020},
  booktitle = SEC,
  keywords = {conference},
}

@inproceedings{e9patchpaper,
  author = {Gregory J. Duck and Xiang Gao and Abhik Roychoudhury},
  title = {{Binary Rewriting without Control Flow Recovery}},
  year = {2020},
  booktitle = ISMM,
  keywords = {conference},
}

@inproceedings{retrowritepaper,
  author = {Sushant Dinesh and Nathan Burow and Dongyan Xu and Mathias Payer},
  title = {{RetroWrite: Statically Instrumenting COTS Binaries for Fuzzing and Sanitization}},
  year = {2020},
  booktitle = SP,
  keywords = {conference},
}

@inproceedings{retrowritepaper2,
  author = {Luca Di Bartolomeo and Mathias Payer},
  title = {{ArmWrestling: efficient binary rewriting for ARM}},
  year = {2021},
  booktitle = {},
  keywords = {conference},
}

@inproceedings{qemupaper,
  author = {Fabrice Bellard},
  title = {{QEMU, a fast and portable dynamic translator.}},
  year = {2005},
  booktitle = ATC,
  keywords = {conference},
}

@inproceedings{grammatechpaper,
  author = { Eric Schulte and Vlad Folts and Michael Brown },
  title = {{Binary Lifter Evaluation}},
  year = {2022},
  booktitle = {Cyber Security Experimentation and Test Workshop},
  keywords = {conference},
}

@inproceedings{aflpaper,
  author = {Andrea Fioraldi and Dominik Maier and Heiko Ei√üfeldt and Marc Heuse},
  title = {{AFL++: Combining Incremental Steps of Fuzzing Research}},
  year = {2020},
  booktitle = WOOT,
  keywords = {conference},
}